%Abkuerzungen
%Try to keep things sorted by year
@string{sicomp = "SIAM Journal on Computing"}
@String{acmcs  = "{ACM} Computing Surveys"}
@String{uka    = "Universit{\"a}t Karlsruhe"}
@String{aint   = "Artificial Intelligence"}
@String{cacm   = "Communications of the ACM"}
@String{fgcs   = "Future Generation Computing Systems"}
@String{focs   = "Foundations of Computer Science"}
@String{icpp   = "International Conference on Parallel Processing"}
@String{ipps   = "International Parallel Processing Symposium"}
@String{ijpp   = "International Journal of Parallel Programming"}
@String{jacm   = "Journal of the ACM"}
@String{jpdc   = "Journal of Parallel and Distributed Computing"}
@String{paco   = "Parallel Computing"}
@String{pdpta  = "International Conference on Parallel and Distributed Processing Techniques and Applications"}
@String{tpds   = "IEEE Transactions on Parallel and Distributed Systems"}
@String{pami   = "IEEE Transactions on Pattern Analysis and Machine Intelligence"}
@String{tec     = "IEEE Transactions on Evolutionary Computation"}
@String{ietc   = "IEEE Transactions on Computers"}
@String{ipl    = "Information Processing Letters"}
@String{spaa   = "ACM Symposium on Parallel Architectures and Algorithms"}
@String{stoc   = "ACM Symposium on the Theory of Computing"}

@Article{Main,
  author={Bae, Minho and Jeong, Minjoong and Oh, Sangyoon},
  journal={IEEE Access}, 
  title={Label Propagation-Based Parallel Graph Partitioning for Large-Scale Graph Data}, 
  year={2020},
  volume={8},
  number={},
  pages={72801-72813},
  keywords={Partitioning algorithms;Frequency modulation;Scalability;Topology;Convergence;Measurement;Data processing;graph data;parallel processing;partitioning algorithms},
  doi={10.1109/ACCESS.2020.2987355}}

@Inproceedings{FM,
  author={Fiduccia, C.M. and Mattheyses, R.M.},
  booktitle={19th Design Automation Conference}, 
  title={A Linear-Time Heuristic for Improving Network Partitions}, 
  year={1982},
  volume={},
  number={},
  pages={175-181},
  keywords={Partitioning algorithms;Iterative algorithms;Data structures;Research and development;Computer networks;Approximation algorithms;Polynomials;Design automation;Pins},
  doi={10.1109/DAC.1982.1585498}}

@Article{KL,
  author={Kernighan, B. W. and Lin, S.},
  journal={The Bell System Technical Journal}, 
  title={An efficient heuristic procedure for partitioning graphs}, 
  year={1970},
  volume={49},
  number={2},
  pages={291-307},
  keywords={},
  doi={10.1002/j.1538-7305.1970.tb01770.x}}

@Article{Metis,
  author = {Karypis, George and Kumar, Vipin},
  title = {A Fast and High Quality Multilevel Scheme for Partitioning Irregular Graphs},
  journal = {SIAM Journal on Scientific Computing},
  volume = {20},
  number = {1},
  pages = {359-392},
  year = {1998},
  doi = {10.1137/S1064827595287997},
}
@Inproceedings{ParMetis,
  author={Karypis, G. and Kumar, V.},
  booktitle={Supercomputing '96:Proceedings of the 1996 ACM/IEEE Conference on Supercomputing}, 
  title={Parallel Multilevel k-way Partitioning Scheme for Irregular Graphs}, 
  year={1996},
  volume={},
  number={},
  pages={35-35},
  keywords={Partitioning algorithms;Sparse matrices;Concurrent computing;Military computing;Computer science;Testing;Finite element methods;Transportation;Parallel algorithms;Contracts;Parallel Graph Partitioning;Multilevel Partitioning Methods;Spectral Partitioning Methods;Kernighan-Lin Heuristic;Parallel Sparse Matrix Algorithms},
  doi={10.1109/SUPERC.1996.183537}}

@Inproceedings{XtraPuLP,
  author={Slota, George M. and Rajamanickam, Sivasankaran and Devine, Karen and Madduri, Kamesh},
  booktitle={2017 IEEE International Parallel and Distributed Processing Symposium (IPDPS)}, 
  title={Partitioning Trillion-Edge Graphs in Minutes}, 
  year={2017},
  volume={},
  number={},
  pages={646-655},
  keywords={Partitioning algorithms;Scalability;Instruction sets;Measurement;Memory management;Process control;Computer science},
  doi={10.1109/IPDPS.2017.95}}

@Inproceedings{PuLP,
  author={Slota, George M. and Madduri, Kamesh and Rajamanickam, Sivasankaran},
  booktitle={2014 IEEE International Conference on Big Data (Big Data)}, 
  title={PuLP: Scalable multi-objective multi-constraint partitioning for small-world networks}, 
  year={2014},
  volume={},
  number={},
  pages={481-490},
  keywords={Partitioning algorithms;Communities;Heuristic algorithms;Clustering algorithms;Measurement;Layout;Memory management},
  doi={10.1109/BigData.2014.7004265}}

@Article{BSP,
  title={A bridging model for parallel computation},
  author={Leslie G. Valiant},
  journal={Commun. ACM},
  year={1990},
  volume={33},
  pages={103-111},
  url={https://api.semanticscholar.org/CorpusID:15655597}
}
@Inbook{Junghanns2017,
  author="Junghanns, Martin
  and Petermann, Andr{\'e}
  and Neumann, Martin
  and Rahm, Erhard",
  editor="Zomaya, Albert Y.
  and Sakr, Sherif",
  title="Management and Analysis of Big Graph Data: Current Systems and Open Challenges",
  bookTitle="Handbook of Big Data Technologies",
  year="2017",
  publisher="Springer International Publishing",
  address="Cham",
  pages="457--505",
  isbn="978-3-319-49340-4",
  doi="10.1007/978-3-319-49340-4_14",
  url="https://doi.org/10.1007/978-3-319-49340-4_14"
}
